%----------Thesis Bibliography File-----------------------------

@InProceedings{Blumenstein2003,
  author =	"M. Blumenstein and B. Verma and H. Basli",
  title =	"A novel feature extraction technique for the
		 recognition of segmented handwritten characters",
  booktitle =	"ICDAR",
  year = 	"2003",
  pages =	"137--141",
  URL =  	"http://ieeexplore.ieee.org:80/xpls/abs_all.jsp?isNumber=27545&prod=CNF&arnumber=1227647&arSt=+137&ared=+141&arNumber=1227647",
  bibsource =	"http://www.visionbib.com/bibliography/char1013.html#TT101189",
}

@Article{Gaurav2012,
  title =	"A feature extraction technique based on character
		 geometry for character recognition",
  author =	"Dinesh Dileep Gaurav and Renu Ramesh",
  journal =	"CoRR",
  year = 	"2012",
  volume =	"abs/1202.3884",
  bibdate =	"2012-03-01",
  bibsource =	"DBLP,
		 http://dblp.uni-trier.de/db/journals/corr/corr1202.html#abs-1202-3884",
  URL =  	"http://arxiv.org/abs/1202.3884",
}

@Article{Hu1962,
  author =	"Ming-Kuei Hu",
  title =	"Visual Pattern Recognition by Moment Invariants",
  journal =	"IRE Transactions on Information Theory",
  volume =	"IT-8",
  pages =	"179--187",
  year = 	"1962",
}

@Article{Hagan1994,
  author =	"Martin T. Hagan and Mohammed B. Menhaj",
  title =	"Training Feedforward Networks with the {Marquardt}
		 Algorithm",
  journal =	"IEEE Transactions on Neural Networks",
  year = 	"1994",
  volume =	"5",
  number =	"6",
  pages =	"989--993",
  month =	nov,
}

@Article{Chen1991,
  author =	"S. Chen and C. F. N. Cowan and P. M. Grant",
  title =	"Orthogonal least squares learning algorithm for radial
		 basis function networks",
  journal =	"IEEE Trans. on Neural Networks",
  volume =	"2",
  pages =	"302--309",
  year = 	"1991",
  keywords =	"radial basis functions, networks, (methodological)",
}

@Article{Jain2000,
  author =	"A. K. Jain and R. P. W. Duin and J. Mao",
  title =	"Statistical Pattern Recognition: {A} Review",
  journal =	"IEEE Trans. Pattern Analysis and Machine
		 Intelligence",
  volume =	"22",
  year = 	"2000",
  number =	"1",
  month =	jan,
  pages =	"4--37",
  URL =  	"http://ieeexplore.ieee.org:80/xpls/abs_all.jsp?isNumber=17859&prod=JNL&arnumber=824819&arSt=+4&ared=+37&arNumber=824819",
  bibsource =	"http://www.visionbib.com/bibliography/pattern598.html#TT51241",
}

@Article{Jain1996,
  author =	"O. D. Trier and A. K. Jain and T. Taxt",
  title =	"Feature-Extraction Methods for Character-Recognition:
		 {A} Survey",
  journal =	"Pattern Recognition",
  volume =	"29",
  year = 	"1996",
  number =	"4",
  month =	apr,
  pages =	"641--662",
  URL =  	"http://www.sciencedirect.com/science/article/B6V14-3VSNG9F-T/2/4299d6ec297d5c2835fb74fee5fce588",
  bibsource =	"http://www.visionbib.com/bibliography/char997.html#TT99817",
}


@Article{Suen1980,
  author =	"C. Y. Suen and M. Berthod and S. Mori",
  title =	"Automatic Recognition of Handprinted Characters: The
		 State of the Art",
  journal =	"Proceedings of IEEE",
  volume =	"68",
  year = 	"1980",
  number =	"4",
  month =	apr,
  pages =	"469--487",
  bibsource =	"http://www.visionbib.com/bibliography/char957.html#TT95994",
}

@Article{Suen1990,
  key =  	"Tappert et al.",
  author =	"Charles C. Tappert and Ching Y. Suen and Toru
		 Wakahara",
  title =	"The State of the Art in On-Line Handwriting
		 Recognition",
  journal =	"IEEE Transactions on Pattern Analysis and Machine
		 Intelligence",
  pages =	"787--808",
  volume =	"PAMI-12",
  number =	"8",
  month =	aug,
  year = 	"1990",
  location =	"E \&{} S Library",
}



@InProceedings{Suen1988,
  author =	"C. C. Tappert and C. Y. Suen and T. Wakahara",
  title =	"On-line Handwriting Recognition, {A} Survey",
  booktitle =	"9th International Conference on Pattern Recognition",
  volume =	"2",
  year = 	"1988",
  pages =	"1123--1132",
}

@Article{Suen1992,
  author =	"S. Mori and C. Y. Suen and K. Yamamoto",
  title =	"Historical Review of {OCR} Research and Development",
  journal =	"Proceedings of IEEE",
  volume =	"80",
  year = 	"1992",
  number =	"7",
  month =	jul,
  pages =	"1029--1058",
  bibsource =	"http://www.visionbib.com/bibliography/char957.html#TT95996",
}



@Article{Bozinovic1989,
  author =	"R. M. Bozinovic and S. N. Srihari",
  title =	"Off-Line Cursive Script Word Recognition",
  journal =	"IEEE Trans. Pattern Analysis and Machine
		 Intelligence",
  volume =	"11",
  year = 	"1989",
  number =	"1",
  month =	jan,
  pages =	"68--83",
  URL =  	"http://ieeexplore.ieee.org:80/xpls/abs_all.jsp?isNumber=900&prod=JNL&arnumber=23114&arSt=+68&ared=+83&arNumber=23114",
  bibsource =	"http://www.visionbib.com/bibliography/char1016.html#TT101400",
}


@Article{Govindan1990,
  author =	"V. K. Govindan and A. P. Shivaprasad",
  title =	"Character Recognition: {A} Review",
  journal =	"Pattern Recognition",
  volume =	"23",
  year = 	"1990",
  number =	"7",
  pages =	"671--683",
  URL =  	"http://www.sciencedirect.com/science/article/B6V14-48N52TJ-2/2/5237586220004ff4593557cf5a8d2500",
  bibsource =	"http://www.visionbib.com/bibliography/char957.html#TT95997",
}


@Article{Bajaj1997,
  author =	"R. Bajaj and S. Chaudhury",
  title =	"Signature Verification Using Multiple Neural
		 Classifiers",
  journal =	"Pattern Recognition",
  volume =	"30",
  year = 	"1997",
  number =	"1",
  month =	jan,
  pages =	"1--7",
  URL =  	"http://www.sciencedirect.com/science/article/B6V14-3SNN1SV-1/2/6398b065ebb76a68c3b9ca821411cdae",
  bibsource =	"http://www.visionbib.com/bibliography/char1021.html#TT102087",
}


@InProceedings{Shaw2008,
  author ="B. Shaw and S. K. Parui and M. Shridhar",
  title ="Offline handwritten Devanagari word recognition: {A}
		 segmentation based approach",
  booktitle ="ICPR",
  year ="2008",
  pages ="1--4",
  URL ="http://dx.doi.org/10.1109/ICPR.2008.4761556",
  bibsource ="http://www.visionbib.com/bibliography/char1030.html#TT102740",
}



@Article{Sandhya2008,
  title =	"Fine Classification \& Recognition of Hand Written
		 Devnagari Characters with Regular Expressions \&
		 Minimum Edit Distance Method",
  author =	"P. S. Deshpande and Latesh Malik and Sandhya Arora",
  journal =	"JCP",
  year = 	"2008",
  number =	"5",
  volume =	"3",
  bibdate =	"2011-09-02",
  bibsource =	"DBLP,
		 http://dblp.uni-trier.de/db/journals/jcp/jcp3.html#DeshpandeMA08",
  pages =	"11--17",
  URL =  	"http://dx.doi.org/10.4304/jcp.3.5.11-17",
}

@Book{Pratt1991,
  author =	"William K. Pratt",
  title =	"Digital Image Processing (2nd Edition)",
  year = 	"1991",
  publisher =	"John Wiley \& Sons, Inc.",
  address =	"New York, New York",
  keywords =	"digital image processing",
}



@Book{Jain1989,
  author =	"Anil K. Jain",
  title =	"Fundamentals of Digital Image Processing",
  year = 	"1989",
  publisher =	"Prentice-Hall",
  address =	"Englewood Cliffs, NJ",
  keywords =	"digital image processing",
}



@Book{Gonzalez2008,
  author =	"R. C. Gonzalez and R. E. Woods",
  title =	"Digital Image Processing, Third Edition",
  publisher =	"Prentice Hall",
  year = 	"2008",
  bibsource =	"http://www.visionbib.com/bibliography/book29.html#TT1655",
}


@Article{Santosh2009,
  title =	"A comprehensive survey on on-line handwriting
		 recognition technology and its real application to the
		 Nepalese natural handwriting",
  author =	"K. C. Santosh and Cholwich Nattee",
  publisher =	"HAL - CCSD",
  year = 	"2009",
  month =	feb # "~09",
  bibsource =	"OAI-PMH server at hal.archives-ouvertes.fr",
  identifier =	"HAL:inria-00354242, version 1",
  language =	"EN",
  oai =  	"oai:hal.archives-ouvertes.fr:inria-00354242_v1",
  subject =	"Computer Science/Computer Vision and Pattern
		 Recognition; Handwriting Recognition System;
		 Pre-processing; Feature Vector; Dynamic Time Warping;
		 Agglomerating Hierarchical Clustering; Nepali",
  URL =  	"http://hal.inria.fr/inria-00354242/en/;
		 http://hal.archives-ouvertes.fr/docs/00/35/42/42/PDF/8_Jan_Santosh_KC_A_COMPREHENSIVE_SURVEY_ON_ON-LINE_HANDWRITING_edited_santosh_.pdf",
}



@Article{Santosh2007,
  title =	"Template-based Nepali Handwritten Alphanumeric Character Recognition",
  author =	"K. C. Santosh and Cholwich Nattee",
  journal =	"Thammasat International Journal of Science and Technology (TIJSAT), Thammasat University, Thailand",
  year = 	"2007",
  number =	"1",
  volume =	"12",
  }

@Article{Srikrishna2011,
  author =	"N. VenkateswaraRao and A. Shrikhna and B. RaveendraBabu and G. Rama Mohan Babu ",
  title =	"An Efficient Feature Extraction and Classification of Handwritten Digits Using Neural Networks",
  journal =	"International Journal of Computer Science, Engineering and Applications (IJCSEA)",
  volume =	"1",
  year = 	"2011",
  number =	"5",
  month =	oct,
 }
%----------------------------------------------------------------------
@InProceedings{Sabri2010,
  title =	"Recognition of Handwritten Arabic (Indian) Numerals
		 Using Freeman's Chain Codes and Abductive Network
		 Classifiers",
  author =	"Isah A. Lawal and Radwan E. Abdel-Aal and Sabri A.
		 Mahmoud",
  publisher =	"IEEE",
  year = 	"2010",
  bibdate =	"2010-10-23",
  bibsource =	"DBLP,
		 http://dblp.uni-trier.de/db/conf/icpr/icpr2010.html#LawalAM10",
  booktitle =	"ICPR",
  crossref =	"conf/icpr/2010",
  pages =	"1884--1887",
  URL =  	"http://dx.doi.org/10.1109/ICPR.2010.464",
}

@InProceedings{Sharma2006,
  author =	"N. Sharma and U. Pal and F. Kimura and S. Pal",
  title =	"Recognition of Off-Line Handwritten Devnagari
		 Characters Using Quadratic Classifier",
  booktitle =	"Indian Conference on Computer Vision, Graphics and
		 Image Processing",
  year = 	"2006",
  pages =	"805--816",
  URL =  	"http://dx.doi.org/10.1007/11949619_72",
  bibsource =	"http://www.visionbib.com/bibliography/char1030.html#TT102755",
}

@Misc{Sandhya2010,
  title =	"Multiple Classifier Combination for Off-line
		 Handwritten Devnagari Character Recognition",
  author =	"Sandhya Arora and Debotosh Bhattacharjee and Mita
		 Nasipuri and Dipak Kumar Basu and Mahantapas Kundu",
  year = 	"2010",
  month =	jun # "~30",
  abstract =	"This work presents the application of weighted
		 majority voting technique for combination of
		 classification decision obtained from three Multi_Layer
		 Perceptron(MLP) based classifiers for Recognition of
		 Handwritten Devnagari characters using three different
		 feature sets. The features used are intersection,
		 shadow feature and chain code histogram features.
		 Shadow features are computed globally for character
		 image while intersection features and chain code
		 histogram features are computed by dividing the
		 character image into different segments. On
		 experimentation with a dataset of 4900 samples the
		 overall recognition rate observed is 92.16% as we
		 considered top five choices results. This method is
		 compared with other recent methods for Handwritten
		 Devnagari Character Recognition and it has been
		 observed that this approach has better success rate
		 than other methods.",
  bibsource =	"OAI-PMH server at export.arxiv.org",
  identifier =	"ICSC 2008",
  oai =  	"oai:arXiv.org:1006.5913",
  subject =	"Computer Science - Computer Vision and Pattern
		 Recognition",
  URL =  	"http://arxiv.org/abs/1006.5913",
}




@Misc{Sandhya2010_1,
  title =	"Performance Comparison of {SVM} and {ANN} for
		 Handwritten Devnagari Character Recognition",
  author =	"Sandhya Arora and Debotosh Bhattacharjee and Mita
		 Nasipuri and L. Malik and M. Kundu and D. K. Basu",
  year = 	"2010",
  month =	jun # "~30",
  abstract =	"Classification methods based on learning from examples
		 have been widely applied to character recognition from
		 the 1990s and have brought forth significant
		 improvements of recognition accuracies. This class of
		 methods includes statistical methods, artificial neural
		 networks, support vector machines (SVM), multiple
		 classifier combination, etc. In this paper, we discuss
		 the characteristics of the some classification methods
		 that have been successfully applied to handwritten
		 Devnagari character recognition and results of SVM and
		 ANNs classification method, applied on Handwritten
		 Devnagari characters. After preprocessing the character
		 image, we extracted shadow features, chain code
		 histogram features, view based features and longest run
		 features. These features are then fed to Neural
		 classifier and in support vector machine for
		 classification. In neural classifier, we explored three
		 ways of combining decisions of four MLP's designed for
		 four different features.",
  bibsource =	"OAI-PMH server at export.arxiv.org",
  identifier =	"IJCSI 2010",
  oai =  	"oai:arXiv.org:1006.5902",
  subject =	"Computer Science - Computer Vision and Pattern
		 Recognition",
  URL =  	"http://arxiv.org/abs/1006.5902",
}

@InProceedings{Yan2011,
  title =	"Handwriting Character Recognition as a Service: {A}
		 New Handwriting Recognition System Based on Cloud
		 Computing",
  author =	"Yan Gao and Lianwen Jin and Cong He and Guibin Zhou",
  publisher =	"IEEE",
  year = 	"2011",
  bibdate =	"2011-11-07",
  bibsource =	"DBLP,
		 http://dblp.uni-trier.de/db/conf/icdar/icdar2011.html#GaoJHZ11",
  booktitle =	"ICDAR",
  crossref =	"conf/icdar/2011",
  ISBN = 	"978-1-4577-1350-7",
  pages =	"885--889",
  URL =  	"http://ieeexplore.ieee.org/xpl/mostRecentIssue.jsp?punumber=6065245",
}

@Article{Vikas2011,
  title =	"A Review of Research on Devnagari Character
		 Recognition",
  author =	"Vikas J. Dongre and Vijay H. Mankar",
  journal =	"CoRR",
  year = 	"2011",
  volume =	"abs/1101.2491",
  bibdate =	"2011-12-05",
  bibsource =	"DBLP,
		 http://dblp.uni-trier.de/db/journals/corr/corr1101.html#abs-1101-2491",
  URL =  	"http://arxiv.org/abs/1101.2491",
}

@Article{Vinciarelli2002,
  author =	"Alessandro Vinciarelli",
  title =	"A survey on off-line Cursive Word Recognition",
  journal =	"Pattern Recognition",
  volume =	"35",
  year = 	"2002",
  number =	"7",
  month =	jul,
  pages =	"1433--1446",
  URL =  	"http://www.sciencedirect.com/science/article/B6V14-45CTFWM-2/2/5383d107ce4e0ee6b580c6eafe72086f",
  bibsource =	"http://www.visionbib.com/bibliography/char1017.html#TT101606",
}

@Article{Ghosh2010,
  title =	"Script Recognition - {A} Review",
  author =	"D. Ghosh and T. Dube and A. P. Shivaprasad",
  journal =	"IEEE Trans. Pattern Anal. Mach. Intell",
  year = 	"2010",
  number =	"12",
  volume =	"32",
  bibdate =	"2011-11-07",
  bibsource =	"DBLP,
		 http://dblp.uni-trier.de/db/journals/pami/pami32.html#GhoshDS10",
  pages =	"2142--2161",
  URL =  	"http://doi.ieeecomputersociety.org/10.1109/TPAMI.2010.30",
}
%------------------------------------------------------------------------
@Article{Plamondon2000,
  title =	"On-Line and Off-Line Handwriting Recognition: {A}
		 Comprehensive Survey",
  author =	"R{\'e}jean Plamondon and Sargur N. Srihari",
  journal =	"IEEE Trans. Pattern Anal. Mach. Intell",
  year = 	"2000",
  number =	"1",
  volume =	"22",
  bibdate =	"2011-11-07",
  bibsource =	"DBLP,
		 http://dblp.uni-trier.de/db/journals/pami/pami22.html#PlamondonS00",
  pages =	"63--84",
  URL =  	"http://doi.ieeecomputersociety.org/10.1109/34.824821",
}
%------------------------------------------------------------------------
@Article{Suen2003,
  title =	"Large vocabulary off-line handwriting recognition: {A}
		 survey",
  author =	"Alessandro L. Koerich and Robert Sabourin and Ching Y.
		 Suen",
  journal =	"Pattern Anal. Appl",
  year = 	"2003",
  number =	"2",
  volume =	"6",
  bibdate =	"2004-01-16",
  bibsource =	"DBLP,
		 http://dblp.uni-trier.de/db/journals/paa/paa6.html#KoerichSS03",
  pages =	"97--121",
  URL =  	"http://dx.doi.org/10.1007/s10044-002-0169-3",
}
%------------------------------------------------------------------------
@InProceedings{Nguyen1990,
  author =	"D. Nguyen and B. Widrow",
  title =	"Improving the Learning Speed of 2-Layer Neural
		 Networks by Choosing Initial Values of the Adaptive
		 Weights",
  booktitle =	"IEEE International Joint Conference on Neural Networks
		 (4th IJCNN'90)",
  volume =	"III",
  pages =	"III-21--III-26",
  publisher =	"IEEE",
  address =	"San Diego",
  year = 	"1990",
  keywords =	"unsupervised learning,",
  note = 	"Stanford",
}
%------------------------------------------------------------------------
@InCollection{Blum1967,
  author =	"H. Blum",
  title =	"{A} {T}ransformation for {E}xtracting new
		 {D}escriptors of {S}hape",
  booktitle =	"{M}odels for the {P}erception of {S}peech and {V}isual
		 {F}orm",
  publisher =	"{MIT}-{P}ress",
  year = 	"1967",
  editor =	"Wathen-Dunn",
  pages =	"362--380",
  topics =	"source.cosy,area.space",
}
%------------------------------------------------------------------------
From Annotated Computer Vision Bibliography:

@Book{Haykin1999,
  author =	"S. Haykin",
  title =	"Neural Networks: {A} Comprehensive Introduction",
  publisher =	"Prentice Hall",
  year = 	"1999",
  bibsource =	"http://www.visionbib.com/bibliography/pattern647.html#TT55543",
}

%------------------------------------------------------------------------
@Book{Hagan1996,
  author =	"Martin T. Hagan and Howard B. Demuth and Mark Beale",
  title =	"Neural Network Design",
  publisher =	"PWS-Kent Publishing Company, Division of Wadsworth,
		 Inc.",
  address =	"pub-PWS:adr",
  pages =	"various",
  year = 	"1996",
  ISBN = 	"0-534-94332-2",
  isbn-13 =	"978-0-534-94332-5",
  LCCN = 	"QA76.87.H34 1996",
  bibdate =	"Tue Mar 26 11:47:51 1996",
  bibsource =	"http://www.math.utah.edu/pub/tex/bib/matlab.bib",
  acknowledgement = "Nelson H. F. Beebe, University of Utah, Department
		 of Mathematics, 110 LCB, 155 S 1400 E RM 233, Salt Lake
		 City, UT 84112-0090, USA, Tel: +1 801 581 5254, FAX: +1
		 801 581 4148, e-mail: \path|beebe@math.utah.edu|,
		 \path|beebe@acm.org|, \path|beebe@computer.org|
		 (Internet), URL:
		 \path|http://www.math.utah.edu/~beebe/|",
}
%------------------------------------------------------------------------
@Article{Zhang2004,
  title =	"Review of shape representation and description
		 techniques",
  author =	"Dengsheng Zhang and Guojun Lu",
  journal =	"Pattern Recognition",
  year = 	"2004",
  number =	"1",
  volume =	"37",
  bibdate =	"2004-02-12",
  bibsource =	"DBLP,
		 http://dblp.uni-trier.de/db/journals/pr/pr37.html#ZhangL04",
  pages =	"1--19",
  URL =  	"http://dx.doi.org/10.1016/j.patcog.2003.07.008",
}
%------------------------------------------------------------------------\\
@Article{Kan2002,
  author =	"Chao Kan and Mandyam D. Srinath",
  title =	"Invariant character recognition with Zernike and
		 orthogonal Fourier-Mellin moments",
  journal =	"Pattern Recognition",
  volume =	"35",
  year = 	"2002",
  number =	"1",
  month =	jan,
  pages =	"143--154",
  URL =  	"http://www.sciencedirect.com/science/article/B6V14-4477X94-F/2/6c243dd4e50c68a7de4440656bea9bb9",
  bibsource =	"http://www.visionbib.com/bibliography/match-pl526.html#TT45500",
}
%------------------------------------------------------------------------
@Article{Rosin1999,
  title =	"Measuring rectangularity",
  author =	"Paul L. Rosin",
  journal =	"Mach. Vis. Appl",
  year = 	"1999",
  number =	"4",
  volume =	"11",
  bibdate =	"2011-05-26",
  bibsource =	"DBLP,
		 http://dblp.uni-trier.de/db/journals/mva/mva11.html#Rosin99",
  pages =	"191--196",
  URL =  	"http://dx.doi.org/10.1007/s001380050101",
}
%------------------------------------------------------------------------
@InProceedings{Rosion2000,
  author =	"P. L. Rosin",
  title =	"Measuring Shape: Ellipticity, Rectangularity, and
		 Triangularity",
  booktitle =	"ICPR",
  year = 	"2000",
  pages =	"Vol I: 952--955",
  URL =  	"http://dx.doi.org/10.1109/ICPR.2000.905609",
  bibsource =	"http://www.visionbib.com/bibliography/twod280.html#TT23299",
}
%------------------------------------------------------------------------
@InProceedings{Nayak2007,
  author =	"M. Stojmenovic and A. Nayak",
  title =	"Measuring Linearity of Ordered Point Sets",
  booktitle =	"PSIVT",
  year = 	"2007",
  pages =	"274--288",
  URL =  	"http://dx.doi.org/10.1007/978-3-540-77129-6_26",
  bibsource =	"http://www.visionbib.com/bibliography/twod280.html#TT23347",
}
%------------------------------------------------------------------------
@Article{Otsu1979,
  author =	"Nobuyuki Otsu",
  title =	"A threshold selection method from gray level
		 histograms",
  journal =	"{IEEE} Trans. Systems, Man and Cybernetics",
  year = 	"1979",
  volume =	"9",
  pages =	"62--66",
  month =	mar,
  keywords = "threshold selection",
  note = 	"minimize intra and inter class variance",
}

%------------------------------------------------------------------------
@Article{Ashok2011,
  author =	"J. Ashok and E. G. Rajan",
  title =	"Off-line handwritteen character recognition suing radial basis function",
  journal =	"int. J. Advanced Networking and Applications",
  year = 	"2011",
  volume =	"02",
  pages =	"792--795",
}
%------------------------------------------------------------------------
@Article{Bunke2003,
  author =	"H. Bunke",
  title =	"Recognition of cursive roman handwriting - past,
  present and future",
  journal =	"In 7th Int. Conf. on Document Analysis
  and Recognition, Edinbourgh, Scotland",
  year = 	"2003",
  volume =	"01",
  pages =	"7448--459",
}